<record><leader>00000cas a22000007a 4500</leader><controlfield tag="001">19010155</controlfield><controlfield tag="008">890112d18811883nduwr ne      0    0eng d</controlfield><datafield ind1=" " ind2=" " tag="010"><subfield code="a">sn 88076739 </subfield></datafield><datafield ind1=" " ind2=" " tag="040"><subfield code="a">NOP</subfield><subfield code="b">eng</subfield><subfield code="c">NOP</subfield><subfield code="d">OCLCQ</subfield><subfield code="d">DLC</subfield></datafield><datafield ind1=" " ind2=" " tag="042"><subfield code="a">msc</subfield></datafield><datafield ind1="0" ind2="4" tag="245"><subfield code="a">The northern express.</subfield></datafield><datafield ind1=" " ind2=" " tag="260"><subfield code="a">Drayton, Dakota [N.D.] :</subfield><subfield code="b">R.H. Young</subfield></datafield><datafield ind1=" " ind2=" " tag="300"><subfield code="a">2 v. :</subfield><subfield code="b">ill. ;</subfield><subfield code="c">58-67 cm.</subfield></datafield><datafield ind1=" " ind2=" " tag="310"><subfield code="a">Weekly</subfield></datafield><datafield ind1="0" ind2=" " tag="362"><subfield code="a">Vol. 1, no. 1 (Dec. 9, 1881)-v. 2, no. 19 (Apr. 13, 1883).</subfield></datafield><datafield ind1=" " ind2=" " tag="500"><subfield code="a">Published in Pembina, Feb. 17, 1882-Apr. 13, 1883.</subfield></datafield><datafield ind1=" " ind2=" " tag="530"><subfield code="a">Available on microfilm from the State Historical Society of North Dakota.</subfield></datafield><datafield ind1=" " ind2=" " tag="752"><subfield code="a">United States</subfield><subfield code="b">North Dakota</subfield><subfield code="c">Pembina</subfield><subfield code="d">Pembina.</subfield></datafield><datafield ind1=" " ind2=" " tag="752"><subfield code="a">United States</subfield><subfield code="b">North Dakota</subfield><subfield code="c">Pembina</subfield><subfield code="d">Drayton.</subfield></datafield><datafield ind1="0" ind2="7" tag="785"><subfield code="t">Pembina pioneer</subfield><subfield code="w">(DLC)sn 88076740</subfield></datafield><datafield ind1="0" ind2="7" tag="785"><subfield code="t">Pioneer express</subfield><subfield code="x">2379-1241</subfield><subfield code="w">(DLC)sn 88076741</subfield><subfield code="w">(OCoLC)2253911</subfield></datafield></record>